<record><leader>00000cas a22000007a 4500</leader><controlfield tag="001">10554622</controlfield><controlfield tag="008">840323d19821992nduwr ne      0   a0eng d</controlfield><controlfield tag="009">467</controlfield><datafield ind1=" " ind2=" " tag="010"><subfield code="a">sn 84007775 </subfield></datafield><datafield ind1=" " ind2=" " tag="040"><subfield code="a">NSD</subfield><subfield code="b">eng</subfield><subfield code="c">NSD</subfield><subfield code="d">NOP</subfield><subfield code="d">NSD</subfield><subfield code="d">DLC</subfield><subfield code="d">OCLCQ</subfield></datafield><datafield ind1=" " ind2=" " tag="012"><subfield code="j">0</subfield><subfield code="k">1</subfield><subfield code="m">d</subfield></datafield><datafield ind1="1" ind2=" " tag="022"><subfield code="a">0747-1181</subfield><subfield code="l">0747-1181</subfield><subfield code="2">1</subfield></datafield><datafield ind1=" " ind2=" " tag="042"><subfield code="a">nsdp</subfield></datafield><datafield ind1="0" ind2=" " tag="130"><subfield code="a">Record (Grafton, N.D.)</subfield></datafield><datafield ind1=" " ind2="4" tag="222"><subfield code="a">The Record</subfield><subfield code="b">(Grafton, N.D.)</subfield></datafield><datafield ind1="0" ind2="4" tag="245"><subfield code="a">The Record.</subfield></datafield><datafield ind1=" " ind2=" " tag="260"><subfield code="a">Grafton, N.D. :</subfield><subfield code="b">J.D. Morgan,</subfield></datafield><datafield ind1=" " ind2=" " tag="300"><subfield code="a">v. :</subfield><subfield code="b">ill. ;</subfield><subfield code="c">58 cm.</subfield></datafield><datafield ind1=" " ind2=" " tag="310"><subfield code="a">Weekly,</subfield><subfield code="b">Oct. 1, 1991-Nov. 4, 1992</subfield></datafield><datafield ind1=" " ind2=" " tag="321"><subfield code="a">Semiweekly,</subfield><subfield code="b">June 5, 1982-Sept. 27, 1991</subfield></datafield><datafield ind1="0" ind2=" " tag="362"><subfield code="a">Vol. 93, no. 19 (June 5, 1982)-v. 102, no. 28 (Nov. 4, 1992).</subfield></datafield><datafield ind1=" " ind2=" " tag="500"><subfield code="a">"Official paper of Walsh County and the city of Grafton."</subfield></datafield><datafield ind1=" " ind2=" " tag="530"><subfield code="a">Available on microfilm from the State Historical Society of North Dakota.</subfield></datafield><datafield ind1=" " ind2=" " tag="752"><subfield code="a">United States</subfield><subfield code="b">North Dakota</subfield><subfield code="c">Walsh</subfield><subfield code="d">Grafton.</subfield></datafield><datafield ind1="0" ind2=" " tag="770"><subfield code="t">Nor'wester</subfield><subfield code="w">(DLC)sn 88076766</subfield><subfield code="w">(OCoLC)19227462</subfield></datafield><datafield ind1="0" ind2="0" tag="780"><subfield code="t">Grafton record</subfield><subfield code="w">(DLC)sn 88076730</subfield><subfield code="w">(OCoLC)18795816</subfield></datafield><datafield ind1="0" ind2="0" tag="785"><subfield code="t">Walsh County record (Grafton, N.D. : 1992)</subfield><subfield code="x">1067-5922</subfield><subfield code="w">(DLC)sn 93007110</subfield><subfield code="w">(OCoLC)27305001</subfield></datafield></record>